<record><leader>00000cas a2200000 a 4500</leader><controlfield tag="001">9390301</controlfield><controlfield tag="008">830408d18791888ksuwr ne      0    0eng d</controlfield><controlfield tag="009">540</controlfield><datafield ind1=" " ind2=" " tag="010"><subfield code="a">sn 83045280 </subfield></datafield><datafield ind1=" " ind2=" " tag="040"><subfield code="a">CRL</subfield><subfield code="b">eng</subfield><subfield code="c">CRL</subfield><subfield code="d">NPW</subfield><subfield code="d">NPT</subfield><subfield code="d">OCL</subfield></datafield><datafield ind1=" " ind2=" " tag="042"><subfield code="a">msc</subfield></datafield><datafield ind1="0" ind2=" " tag="130"><subfield code="a">Independent (Smith Center, Kan. : 1879)</subfield></datafield><datafield ind1="0" ind2="4" tag="245"><subfield code="a">The independent.</subfield></datafield><datafield ind1=" " ind2=" " tag="260"><subfield code="a">Smith Center, Kan. ;</subfield><subfield code="a">Harlan, Kan. :</subfield><subfield code="b">Garretson &amp; Topliff,</subfield><subfield code="c">1879-1888.</subfield></datafield><datafield ind1=" " ind2=" " tag="300"><subfield code="a">9 v. :</subfield><subfield code="b">ill. ;</subfield><subfield code="c">50 cm.</subfield></datafield><datafield ind1=" " ind2=" " tag="310"><subfield code="a">Weekly</subfield></datafield><datafield ind1="0" ind2=" " tag="362"><subfield code="a">Vol. 1, no. 1 (Dec. 22, 1879)-v. 9, no. 43 (Oct. 25, 1888).</subfield></datafield><datafield ind1=" " ind2=" " tag="500"><subfield code="a">Published in Harlan, Kan., Apr. 16-Nov. 19, 1880; Kirwin, Kan., Dec. 8, 1880-Oct. 25, 1888.</subfield></datafield><datafield ind1=" " ind2=" " tag="500"><subfield code="a">Published by: Garretson &amp; Lamb, Feb. 1, 1883-Sept. 30, 1886; C.J. Lamb, Oct. 7, 1886-Oct. 25, 1888.</subfield></datafield><datafield ind1=" " ind2=" " tag="500"><subfield code="a">"Greenback ... advocate temperance cause."</subfield></datafield><datafield ind1=" " ind2=" " tag="525"><subfield code="a">Includes supplements.</subfield></datafield><datafield ind1=" " ind2=" " tag="752"><subfield code="a">United States</subfield><subfield code="b">Kansas</subfield><subfield code="c">Smith</subfield><subfield code="d">Smith Center.</subfield></datafield><datafield ind1=" " ind2=" " tag="752"><subfield code="a">United States</subfield><subfield code="b">Kansas</subfield><subfield code="c">Smith</subfield><subfield code="d">Harlan.</subfield></datafield><datafield ind1=" " ind2=" " tag="752"><subfield code="a">United States</subfield><subfield code="b">Kansas</subfield><subfield code="c">Phillips</subfield><subfield code="d">Kirwin.</subfield></datafield><datafield ind1="0" ind2="0" tag="780"><subfield code="t">Toiler (Smith Centre, Kan.)</subfield><subfield code="w">(DLC)sn 85029764</subfield></datafield><datafield ind1="0" ind2="0" tag="785"><subfield code="t">Independent (Kirwin, Kan.)</subfield><subfield code="w">(DLC)sn 85029662</subfield></datafield></record>